@inproceedings{leitao2007epidemic,
  title={Epidemic broadcast trees},
  author={Leitao, Joao and Pereira, Jose and Rodrigues, Luis},
  booktitle={2007 26th IEEE International Symposium on Reliable Distributed Systems (SRDS 2007)},
  pages={301--310},
  year={2007},
  organization={IEEE}
}

@book{dannen2017introducing,
  title={Introducing Ethereum and solidity},
  author={Dannen, Chris},
  volume={1},
  year={2017},
  publisher={Springer}
}

@article{leitao2007hyparview,
  title={HyParView: A membership protocol for reliable gossip-based broadcast},
  author={Leitao, Joao and Pereira, Jos{\'e} and Rodrigues, Luis},
  year={2007},
  publisher={Department of Informatics, University of Lisbon}
}

@inproceedings{maymounkov2002kademlia,
  title={Kademlia: A peer-to-peer information system based on the xor metric},
  author={Maymounkov, Petar and Mazieres, David},
  booktitle={International Workshop on Peer-to-Peer Systems},
  pages={53--65},
  year={2002},
  organization={Springer}
}

@article{vyzovitis2020gossipsub,
  title={GossipSub: Attack-resilient message propagation in the Filecoin and ETH2. 0 networks},
  author={Vyzovitis, Dimitris and Napora, Yusef and McCormick, Dirk and Dias, David and Psaras, Yiannis},
  journal={arXiv preprint arXiv:2007.02754},
  year={2020}
}
